<record><leader>00000cas a22000007a 4500</leader><controlfield tag="001">12829689</controlfield><controlfield tag="008">851121d19351942wiuwr ne      0    0eng d</controlfield><datafield ind1=" " ind2=" " tag="010"><subfield code="a">sn 85041453 </subfield></datafield><datafield ind1=" " ind2=" " tag="040"><subfield code="a">NPV</subfield><subfield code="b">eng</subfield><subfield code="c">NPV</subfield><subfield code="d">OCLCQ</subfield></datafield><datafield ind1=" " ind2=" " tag="042"><subfield code="a">msc</subfield></datafield><datafield ind1=" " ind2=" " tag="045"><subfield code="a">x3x4</subfield></datafield><datafield ind1=" " ind2=" " tag="052"><subfield code="a">4123</subfield><subfield code="b">G6</subfield></datafield><datafield ind1="0" ind2=" " tag="130"><subfield code="a">Cuba City news-herald (Cuba City, Wis. : 1935)</subfield></datafield><datafield ind1="1" ind2="0" tag="245"><subfield code="a">Cuba City news-herald.</subfield></datafield><datafield ind1=" " ind2=" " tag="260"><subfield code="a">Cuba City, Wis. :</subfield><subfield code="b">W.H. Goldthorpe,</subfield><subfield code="c">1935-1942.</subfield></datafield><datafield ind1=" " ind2=" " tag="300"><subfield code="a">v. :</subfield><subfield code="b">ill.</subfield></datafield><datafield ind1="0" ind2=" " tag="362"><subfield code="a">Vol. 40, no. 19 (Jan. 25, 1935)-v. 49, no. 10 (Nov. 19, 1942).</subfield></datafield><datafield ind1=" " ind2=" " tag="525"><subfield code="a">Supplements accompany some issues.</subfield></datafield><datafield ind1=" " ind2=" " tag="530"><subfield code="a">Available on microfilm from The State Historical Society of Wisconsin.</subfield></datafield><datafield ind1=" " ind2=" " tag="752"><subfield code="a">United States</subfield><subfield code="b">Wisconsin</subfield><subfield code="c">Grant</subfield><subfield code="d">Cuba City.</subfield></datafield><datafield ind1="0" ind2="0" tag="780"><subfield code="t">News-herald (Cuba City, Wis.)</subfield><subfield code="w">(DLC)sn 85041452</subfield></datafield><datafield ind1="0" ind2="0" tag="785"><subfield code="t">Cuba City news-herald and the Hazel Green tribune-reporter</subfield><subfield code="w">(DLC)sn 85041454</subfield></datafield></record>